@Article{lorem,
  author =       {John Doe},
  title =        {Lorem Ipsum},
  pages =        {1--27},
  journal =      {SEDUT Perspiciatis},
  year =         2010
}

@Proceedings{ipsum,
  title =        {Dolor sit amet},
  organization = {At Vero EOS},
  year =         {2011}
}

